%# -*- coding: utf-8-unix -*-
@book{flanagan2006javascript,
  title={JavaScript: the definitive guide},
  author={Flanagan, David},
  year={2006},
  publisher={" O'Reilly Media, Inc."}
}

@incollection{gackenheimer2015react,
  title={What Is React?},
  author={Gackenheimer, Cory},
  booktitle={Introduction to React},
  pages={1--20},
  year={2015},
  publisher={Springer}
}

@article{fette2011rfc,
  title={Rfc 6455: The websocket protocol},
  author={Fette, I and Melnikov, A},
  journal={IETF, December},
  year={2011}
}

@article{hubbard2015one,
  title={One machine can do the work of fifty ordinary men. No machine can do the work of one extraordinary man.},
  author={Hubbard, Elbert},
  journal={Delhi Journal of Ophthalmology},
  pages={247},
  year={2015}
}

@book{laplante2007every,
  title={What every engineer should know about software engineering},
  author={Laplante, Philip A},
  year={2007},
  publisher={CRC Press}
}

@book{marcotte2013responsive,
  title={Responsive web design},
  author={Marcotte, Ethan},
  number={4},
  year={2013},
  publisher={Editions Eyrolles}
}

@phdthesis{fielding2000architectural,
  title={Architectural styles and the design of network-based software architectures},
  author={Fielding, Roy Thomas},
  year={2000},
  school={University of California, Irvine}
}

@article{fielding2002principled,
  title={Principled design of the modern Web architecture},
  author={Fielding, Roy T and Taylor, Richard N},
  journal={ACM Transactions on Internet Technology (TOIT)},
  volume={2},
  number={2},
  pages={115--150},
  year={2002},
  publisher={ACM}
}

@article{beck2013agile,
  title={What is Agile Software Development},
  author={Beck, Kent and Beedle, Mike and Van Bennekum, Arie and Cockburn, Alistair and Cunningham, Ward and Fowler, Martin and Grenning, James and Highsmith, Jim and Hunt, Andrew and Jeffries, Ron and others},
  year={2013}
}

@article{radatz1990ieee,
  title={IEEE standard glossary of software engineering terminology},
  author={Radatz, Jane and Geraci, Anne and Katki, Freny},
  journal={IEEE Std},
  volume={610121990},
  number={121990},
  pages={30},
  year={1990}
}

@article{hardt4rfc6749,
  title={RFC6749-The OAuth 2.0 Authorization Framework. Oct. 2012},
  author={Hardt, D},
  journal={https://tools.ietf.org/html/rfc6749}
}

@article{bradley2015json,
  title={JSON Web Token (JWT)},
  author={Bradley, John and Sakimura, Nat and Jones, Michael},
  year={2015}
}

@book{teixeira2012professional,
  title={Professional Node. js: Building Javascript based scalable software},
  author={Teixeira, Pedro},
  year={2012},
  publisher={John Wiley \& Sons}
}

@article{driessen2010successful,
  title={A successful Git branching model},
  author={Driessen, Vincent},
  journal={URL http://nvie.com/posts/a-successful-git-branching-model},
  year={2010}
}
